%مراجع خود را در این قسمت وارد کنید.
% دستوری برای کوچک کردن اندازه فونت‌ها 
%یک مثال را در زیر می‌بینید.
@article{bidabad2007classification,
  title={A classification of some Finsler connections and their applications},
  author={Bidabad, Behroz and Tayebi, Akbar},
  journal={arXiv preprint arXiv:0710.2816},
  year={2007}
}
@book{aa,
  title={هندسه‌ی منیفلد},
  author={دکتر بهروز بیدآباد},
  publisher={دانشگاه صنعتی امیرکبیر},
  year={1389},
 LANGUAGE ={Persian}
}

@article{najafi2008finsler,
  title={Finsler metrics of scalar flag curvature with special non-Riemannian curvature properties},
  author={Najafi, B and Shen, Z and Tayebi, A},
  journal={Geometriae Dedicata},
  volume={131},
  number={1},
  pages={87--97},
  year={2008},
  publisher={Springer}
}
@book{najafi,
  title={هندسه‌ی منیفلد},
  author={دکتر بهزاد نجفی},
  publisher={دانشگاه صنعتی امیرکبیر},
  year={1388},
 LANGUAGE ={Persian}
}
@book{zakeri,
  title={دستورالعمل و راهنمای نگارش پایان‌نامه},
  author={مهندس محمدرضا ذاکری},
  publisher={دانشگاه صنعتی امیرکبیر},
  year={1391},
 LANGUAGE ={Persian}
}
@book{Sutton1998,
  added-at = {2019-07-13T10:11:53.000+0200},
  author = {Sutton, Richard S. and Barto, Andrew G.},
  biburl = {https://www.bibsonomy.org/bibtex/2f46601cf8b13d39d1378af0d79438b12/lanteunis},
  edition = {Second},
  interhash = {ac6b144aaec1819919a2fba9f705c852},
  intrahash = {f46601cf8b13d39d1378af0d79438b12},
  keywords = {},
  publisher = {The MIT Press},
  timestamp = {2019-07-13T10:11:53.000+0200},
  title = {Reinforcement Learning: An Introduction},
  url = {http://incompleteideas.net/book/the-book-2nd.html},
  year = {2018}
}
@misc{uclRL,
	author = {David Silver},
	title = {{UCL} Course on {RL}},
	year = 2015,
	howpublished = {\url{http://www0.cs.ucl.ac.uk/staff/d.silver/web/Teaching.html}}
}
@misc{stable-baselines-med,
	Author = {Hill, Ashley},
	publisher = {{Meduim.com}},
	title = {Stable Baselines: a Fork of OpenAI Baselines — Reinforcement Learning Made Easy},
	howpublished = {\url{https://medium.com/p/df87c4b2fc82/}},
}
@misc{stable-baselines-doc,
	Author = {Hill, Ashley},
	title = {Stable Baselines: a Fork of OpenAI Baselines — Reinforcement Learning Made Easy},
	howpublished = {\url{https://stable-baselines.readthedocs.io/en/master/}},
}
@misc{medgyminstall,
	author = {Genevieve Hayes},
	publisher = {Medium.com},
	title = {How to Install OpenAI Gym in a Windows Environment},
	howpublished = {\url{https://medium.com/p/338969e24d30}},
	year = 2018
}
@misc{git/gym,
	Author = {Greg Brockman and Vicki Cheung and Ludwig Pettersson and Jonas Schneider and John Schulman and Jie Tang and Wojciech Zaremba},
	Title = {OpenAI Gym},
	publisher = {GitHub},
	journal = {GitHub repository},
	Year = {2016},
	Eprint = {arXiv:1606.01540},
	url = {https://github.com/openai/gym}
}
@misc{stable-baselines,
	author = {Hill, Ashley and Raffin, Antonin and Ernestus, Maximilian and Gleave, Adam and Kanervisto, Anssi and Traore, Rene and Dhariwal, Prafulla and Hesse, Christopher and Klimov, Oleg and Nichol, Alex and Plappert, Matthias and Radford, Alec and Schulman, John and Sidor, Szymon and Wu, Yuhuai},
	title = {Stable Baselines},
	year = {2018},
	publisher = {GitHub},
	journal = {GitHub repository},
	howpublished = {\url{https://github.com/hill-a/stable-baselines}},
}